<?xml version="1.0" encoding="UTF-8"?><record xmlns="http://www.loc.gov/MARC21/slim" xmlns:cinclude="http://apache.org/cocoon/include/1.0" xmlns:zs="http://www.loc.gov/zing/srw/">
  <leader>00500cz  a2200133n  4500</leader>
  <controlfield tag="001">n  85364226 </controlfield>
  <controlfield tag="003">DLC</controlfield>
  <controlfield tag="005">20080505075708.0</controlfield>
  <controlfield tag="008">860421n| acannaabn          |n ana     c</controlfield>
  <datafield tag="010" ind1=" " ind2=" ">
    <subfield code="a">n  85364226 </subfield>
  </datafield>
  <datafield tag="035" ind1=" " ind2=" ">
    <subfield code="a">(OCoLC)oca01562522</subfield>
  </datafield>
  <datafield tag="040" ind1=" " ind2=" ">
    <subfield code="a">IEN</subfield>
    <subfield code="b">eng</subfield>
    <subfield code="c">DLC</subfield>
    <subfield code="d">DLC</subfield>
    <subfield code="d">OCoLC</subfield>
  </datafield>
  <datafield tag="110" ind1="2" ind2=" ">
    <subfield code="a">National Security Savings Bank of Edinburgh.</subfield>
    <subfield code="b">Committee of Accounts</subfield>
  </datafield>
  <datafield tag="670" ind1=" " ind2=" ">
    <subfield code="a">Its Report on the affairs of the National Security Savings Bank of Edinburgh for the year to 20th Nov. 1840, 1841:</subfield>
    <subfield code="b">t.p. (Committee of Accounts)</subfield>
  </datafield>
</record>